@string{SP="IEEE Security and Privacy Magazine"}
@string{CODASPY="ACM Conference on Data and Application Security and Privacy"}
@string{ATC="Usenix Annual Technical Conference"}
@string{CSUR="ACM Computing Surveys"}
@string{RTSS="Real-Time Systems Symposium"}
@string{arXiv="arXiv Technical Report"}
@string{LangSec="Language-theoretic Security IEEE Security and Privacy Workshop"}
@string{CCS="ACM Conference on Computer and Communication Security"}
@string{IOTSP="Workshop on the Internet of Things Security and Privacy"}
@string{NDSS="Network and Distributed System Security Symposium"}
@string{ISPASS="International Symposium on Performance Analysis of Systems and Software"}
@string{CCC="Chaos Communication Congress"}
@string{NSPW="New Security Paradigms Workshop"}
@string{BHEU="BlackHat Europe"}
@string{TR="Technical Report"}
@string{PLDI="ACM International Conference on Programming Language Design and Implementation"}
@string{EuroSP="IEEE European Symposium on Security and Privacy"}
@string{SS3P="Open Textbook"}
@string{DIMVA="Conference on Detection of Intrusions and Malware and Vulnerability Assessment"}
@string{ISMM="ACM SIGPLAN International Symposium on Memory Management"}
@string{ESSoS="Int'l. Symp. on Eng. Secure Software and Systems"}
@string{SEC="Usenix Security Symposium"}
@string{IMC="ACM Internet Measurement Conference"}
@string{TSE="IEEE Transactions on Software Engineering"}
@string{CC="International Conference on Compiler Construction"}
@string{STM="International Workshop on Security and Trust Management"}
@string{ArmsRace="The Continuing Arms Race"}
@string{TRB="Transportation Research Board"}
@string{FEAST="Forming an Ecosystem Around Software Transformation"}
@string{DSN="IEEE/IFIP International Conference on Dependable Systems and Networks"}
@string{SyScan360="Symposium on Security for Asia Network + 360"}
@string{BalCCon="Balkan Computer Congress"}
@string{DSAL="AOSD workshop on Domain-Specific Aspect Languages"}
@string{ESORICS="European Symposium on Research in Computer Security"}
@string{WOOT="Usenix Workshop on Offensive Technologies"}
@string{TIFS="IEEE Transactions on Information Forensics and Security"}
@string{HotSWUp="Usenix Workshop on Hot Topics in Software Upgrades"}
@string{AsiaCCS="ACM Symp. on InformAtion, Computer and Communications Security"}
@string{AMAS-BT="Workshop on Architectural and Microarchitectural Support for Binary Translation"}
@string{PPREW="Program Protection and Reverse Engineering Workshop"}
@string{SYSTOR="ACM International Systems and Storage Conference"}
@string{VEE="ACM International Conference on Virtual Execution Environments"}
@string{OSDI="Usenix Symposium on Operating Systems Design and Implementation"}
@string{Oakland="IEEE International Symposium on Security and Privacy"}
@string{PST="IEEE Conference on Privacy, Security, and Trust"}

@misc{ieee1149_1_1990,
  author       = {{IEEE}},
  title        = {{IEEE Standard Test Access Port and Boundary-Scan Architecture}},
  howpublished = {\url{https://standards.ieee.org/standard/1149_1-1990.html}},
  year         = {1990},
  note         = {IEEE Std 1149.1-1990}
}

@book{lattice_semiconductor_fpga_2020,
	title = {{FPGA} {Libraries} {Reference} {Guide}},
	url = {http://www.latticesemi.com/view_document?document_id=52656},
	author = {Lattice Semiconductor},
	month = jul,
	year = {2020},
}

@misc{verbeure_tomverbeure/ecp5_jtag_2025,
	title = {tomverbeure/ecp5\_jtag},
	url = {https://github.com/tomverbeure/ecp5_jtag},
	abstract = {Use ECP5 JTAG port to interact with user design},
	urldate = {2025-05-29},
	author = {Verbeure, Tom},
	month = may,
	year = {2025},
	note = {original-date: 2021-01-24T07:22:32Z},
}

@misc{noauthor_openocd-org/openocd_2025,
	title = {openocd-org/openocd},
	url = {https://github.com/openocd-org/openocd},
	abstract = {Official OpenOCD Read-Only Mirror (no pull requests)},
	urldate = {2025-05-29},
	publisher = {OpenOCD},
	month = may,
	year = {2025},
	note = {original-date: 2011-07-01T14:25:51Z},
}

@misc{noauthor_logisim-evolution/gecko5education_2025,
	title = {logisim-evolution/{GECKO5Education}},
	copyright = {MIT},
	url = {https://github.com/logisim-evolution/GECKO5Education},
	abstract = {Openhardware educational platform based on the ideas of the ulx3s and Gecko4Education},
	urldate = {2025-05-29},
	publisher = {logisim-evolution},
	month = apr,
	year = {2025},
	note = {original-date: 2023-06-18T07:54:43Z},
}

@misc{noauthor_yosyshq/oss-cad-suite-build_2025,
	title = {{YosysHQ}/oss-cad-suite-build},
	copyright = {ISC},
	url = {https://github.com/YosysHQ/oss-cad-suite-build},
	abstract = {Multi-platform nightly builds of open source digital design and verification tools},
	urldate = {2025-05-29},
	publisher = {Yosys Headquarters},
	month = may,
	year = {2025},
	note = {original-date: 2021-02-01T08:34:29Z},
}